@article{RN1,
   author = {黄亮},
   title = {无人机系统纯方位定位技术及应用},
   journal = {北京},
   keywords = {无人驾驶飞机 -- 定位 -- 研究},
   year = {2015},
   type = {Journal Article}
}

@inproceedings{lee2020cooperative,
  title={Cooperative drone positioning measuring in internet-of-drones},
  author={Lee, Chao-Yang},
  booktitle={2020 IEEE 17th Annual Consumer Communications \& Networking Conference (CCNC)},
  pages={1--3},
  year={2020},
  organization={IEEE}
}

@inproceedings{wu2020noisy,
  title={On the noisy gradient descent that generalizes as sgd},
  author={Wu, Jingfeng and Hu, Wenqing and Xiong, Haoyi and Huan, Jun and Braverman, Vladimir and Zhu, Zhanxing},
  booktitle={International Conference on Machine Learning},
  pages={10367--10376},
  year={2020},
  organization={PMLR}
}

@inproceedings{smith2020generalization,
  title={On the generalization benefit of noise in stochastic gradient descent},
  author={Smith, Samuel and Elsen, Erich and De, Soham},
  booktitle={International Conference on Machine Learning},
  pages={9058--9067},
  year={2020},
  organization={PMLR}
}

@article{辛沙欧2021基于纯方位的多无人机协同目标跟踪算法,
  title={基于纯方位的多无人机协同目标跟踪算法},
  author={辛沙欧 and 陈可 and 宋震林 and 桂欣颖 and 戚国庆},
  journal={电子设计工程},
  year={2021}
}